@book{sutton2018reinforcement,
  title={Reinforcement learning: An introduction},
  author={Sutton, Richard S and Barto, Andrew G},
  year={2018},
  publisher={MIT press}
}
@article{williams1992simple,
  title={Simple statistical gradient-following algorithms for connectionist reinforcement learning},
  author={Williams, Ronald J},
  journal={Machine learning},
  volume={8},
  number={3},
  pages={229--256},
  year={1992},
  publisher={Springer}
}
@inproceedings{silver2014deterministic,
  title={Deterministic policy gradient algorithms},
  author={Silver, David and Lever, Guy and Heess, Nicolas and Degris, Thomas and Wierstra, Daan and Riedmiller, Martin},
  booktitle={International conference on machine learning},
  pages={387--395},
  year={2014},
  organization={PMLR}
}
@article{lillicrap2015continuous,
  title={Continuous control with deep reinforcement learning},
  author={Lillicrap, Timothy P and Hunt, Jonathan J and Pritzel, Alexander and Heess, Nicolas and Erez, Tom and Tassa, Yuval and Silver, David and Wierstra, Daan},
  journal={arXiv preprint arXiv:1509.02971},
  year={2015}
}
@misc{karpathypongfrompixels,
  title={Deep Reinforcement Learning: Pong from Pixels},
  author={Karpathy, Andrej},
  month={May 31},
  year={2016},
  howpublished={Andrej Karpathy blog},
  url="https://karpathy.github.io/2016/05/31/rl/"
}
